%% ======================= Chapter 1 Introduction =========================
@incollection{aggarwal2013introduction,
  title={An introduction to outlier analysis},
  author={Aggarwal, Charu C},
  booktitle={Outlier Analysis},
  pages={1--40},
  year={2013},
  publisher={Springer}
}

@article{gupta2014outlier,
  title={Outlier detection for temporal data},
  author={Gupta, Manish and Gao, Jing and Aggarwal, Charu and Han, Jiawei},
  journal={Synthesis Lectures on Data Mining and Knowledge Discovery},
  volume={5},
  number={1},
  pages={1--129},
  year={2014},
  publisher={Morgan \& Claypool Publishers}
}

@article{hulshof2012taxonomic,
  title={Taxonomic classification of planning decisions in health care: a structured review of the state of the art in OR/MS},
  author={Hulshof, Peter JH and Kortbeek, Nikky and Boucherie, Richard J and Hans, Erwin W and Bakker, Piet JM},
  journal={Health systems},
  volume={1},
  number={2},
  pages={129--175},
  year={2012},
  publisher={Springer}
}

@article{gupta2008appointment,
  title={Appointment scheduling in health care: Challenges and opportunities},
  author={Gupta, Diwakar and Denton, Brian},
  journal={IIE transactions},
  volume={40},
  number={9},
  pages={800--819},
  year={2008},
  publisher={Taylor \& Francis}
}

@misc{ganeykeeping,
  title={Keeping me waiting, Medical practice wait times and patient satisfaction, Press Ganey Associates, 2009},
  author={Ganey, Press}
}


%%============================= Chapter 2 clustering =============================
@article{dempster1977maximum,
  title={Maximum likelihood from incomplete data via the EM algorithm},
  author={Dempster, Arthur P and Laird, Nan M and Rubin, Donald B},
  journal={Journal of the royal statistical society. Series B (methodological)},
  pages={1--38},
  year={1977},
  publisher={JSTOR}
}


@article{he2003discovering,
  title={Discovering cluster-based local outliers},
  author={He, Zengyou and Xu, Xiaofei and Deng, Shengchun},
  journal={Pattern Recognition Letters},
  volume={24},
  number={9},
  pages={1641--1650},
  year={2003},
  publisher={Elsevier}
}

@article{campello2015hierarchical,
  title={Hierarchical density estimates for data clustering, visualization, and outlier detection},
  author={Campello, Ricardo JGB and Moulavi, Davoud and Zimek, Arthur and Sander, Joerg},
  journal={ACM Transactions on Knowledge Discovery from Data (TKDD)},
  volume={10},
  number={1},
  pages={5},
  year={2015},
  publisher={ACM}
}

@inproceedings{ester1996density,
  title={A density-based algorithm for discovering clusters in large spatial databases with noise.},
  author={Ester, Martin and Kriegel, Hans-Peter and Sander, J{\"o}rg and Xu, Xiaowei and others},
  booktitle={Kdd},
  volume={96},
  number={34},
  pages={226--231},
  year={1996}
}

@article{aloise2009np,
  title={NP-hardness of Euclidean sum-of-squares clustering},
  author={Aloise, Daniel and Deshpande, Amit and Hansen, Pierre and Popat, Preyas},
  journal={Machine learning},
  volume={75},
  number={2},
  pages={245--248},
  year={2009},
  publisher={Springer}
}

@article{lloyd1982least,
  title={Least squares quantization in PCM},
  author={Lloyd, Stuart},
  journal={IEEE transactions on information theory},
  volume={28},
  number={2},
  pages={129--137},
  year={1982},
  publisher={IEEE}
}

@misc{ wiki:DBSCAN,
   author = {Wikipedia},
   title = {{DBSCAN} --- {W}ikipedia{,} The Free Encyclopedia},
   howpublished = {webpage},
   year = {2016},
   note = {\url{https://en.wikipedia.org/wiki/DBSCAN}, Accessed 9.8.2916},
 }
 
@book{forsyth2002computer,
  title={Computer vision: a modern approach},
  author={Forsyth, David A and Ponce, Jean},
  year={2002},
  publisher={Prentice Hall Professional Technical Reference}
}

@book{davis1986statistics,
  title={Statistics and data analysis in geology},
  author={Davis, John C and Sampson, Robert J},
  volume={646},
  year={1986},
  publisher={Wiley New York et al.}
}

@inproceedings{macqueen1967some,
  title={Some methods for classification and analysis of multivariate observations},
  author={MacQueen, James and others},
  booktitle={Proceedings of the fifth Berkeley symposium on mathematical statistics and probability},
  volume={1},
  number={14},
  pages={281--297},
  year={1967},
  organization={Oakland, CA, USA.}
}

@misc{2014timeaward,
  author = {{KDD Org}},
  title = {2014 SIGKDD Test of Time Award},
  howpublished = {webpage},
  year = "2014",
  note = {\url{http://www.kdd.org/News/view/2014-sigkdd-test-of-time-award}. Accessed 11.8.2016}
}

%% =================== Chapter 3
@book{PRML,
 author = {Bishop, Christopher M.},
 title = {Pattern Recognition and Machine Learning (Information Science and Statistics)},
 year = {2006},
 isbn = {0387310738},
 publisher = {Springer-Verlag New York, Inc.},
 address = {Secaucus, NJ, USA},
}

@article{rabiner1989tutorial,
  title={A tutorial on hidden Markov models and selected applications in speech recognition},
  author={Rabiner, Lawrence R},
  journal={Proceedings of the IEEE},
  volume={77},
  number={2},
  pages={257--286},
  year={1989},
  publisher={IEEE}
}

@book{mclachlan2007algorithm,
  title={The EM algorithm and extensions},
  author={McLachlan, Geoffrey and Krishnan, Thriyambakam},
  volume={382},
  year={2007},
  publisher={John Wiley \& Sons}
}

@book{pearl2014probabilistic,
  title={Probabilistic reasoning in intelligent systems: networks of plausible inference},
  author={Pearl, Judea},
  year={2014},
  publisher={Morgan Kaufmann}
}

@misc{jordan2003introduction,
  title={An introduction to probabilistic graphical models},
  author={Jordan, Michael I},
  year={2003},
  publisher={preparation}
}




%% =================  Chapter 4
@inproceedings{huang2012anomaly,
  title={Anomaly detection in clinical processes},
  author={Huang, Zhengxing and Lu, Xudong and Duan, Huilong},
  booktitle={AMIA Annual Symposium Proceedings},
  volume={2012},
  pages={370},
  year={2012},
  organization={American Medical Informatics Association}
}

@inproceedings{yianilos1993data,
  title={Data structures and algorithms for nearest neighbor search in general metric spaces},
  author={Yianilos, Peter N},
  booktitle={SODA},
  volume={93},
  number={194},
  pages={311--21},
  year={1993}
}

@book{cormen2009introduction,
  title={Introduction to algorithms},
  author={Cormen, Thomas H},
  year={2009},
  publisher={MIT press}
}


%% =================== Chapter 5
@article{maaten2008visualizing,
  title={Visualizing data using t-SNE},
  author={Maaten, Laurens van der and Hinton, Geoffrey},
  journal={Journal of Machine Learning Research},
  volume={9},
  number={Nov},
  pages={2579--2605},
  year={2008}
}

